<collection xmlns="http://www.loc.gov/MARC21/slim">
<record>
  <leader>01407nam0a2200265 i 450 </leader>
  <controlfield tag="001">IT\ICCU\CNCE\072773</controlfield>
  <controlfield tag="005">20080417000000.0</controlfield>
  <datafield tag="012" ind1=" " ind2=" ">
    <subfield code="a">m.di gema asi: ems. (C) 1506 (Q)</subfield>
    <subfield code="2">fei</subfield>
  </datafield>
  <datafield tag="100" ind1=" " ind2=" ">
    <subfield code="a">20080416f1506        0itac0103    ba</subfield>
  </datafield>
  <datafield tag="101" ind1=" " ind2=" ">
    <subfield code="a">LAT</subfield>
  </datafield>
  <datafield tag="102" ind1=" " ind2=" ">
    <subfield code="a">IT</subfield>
  </datafield>
  <datafield tag="200" ind1="1" ind2=" ">
    <subfield code="a">Ad magnificum &amp; praestantissimum aequitem Iafredum Ferrerium regiarum Mediolani intratarum camerae presidi Georgii Flori iuris diuini &amp; humani peritissimi. De expeditione Bononiensi diarium cum epistola</subfield>
  </datafield>
  <datafield tag="210" ind1=" " ind2=" ">
    <subfield code="d">\1506?!</subfield>
  </datafield>
  <datafield tag="215" ind1=" " ind2=" ">
    <subfield code="a">\6! c.</subfield>
    <subfield code="d">4o</subfield>
  </datafield>
  <datafield tag="300" ind1=" " ind2=" ">
    <subfield code="a">Relazione, datata Bologna 18 novembre 1506, relativa alla spedizione compiuta da Giulio II per la definitiva annessione di Bologna allo Stato pontificio</subfield>
  </datafield>
  <datafield tag="700" ind1=" " ind2="1">
    <subfield code="a">Ubaldino,</subfield>
    <subfield code="b">Giorgio Floro</subfield>
    <subfield code="3">IT\ICCU\CNCA\010074</subfield>
  </datafield>
  <datafield tag="712" ind1="0" ind2="2">
    <subfield code="a">s.n.</subfield>
    <subfield code="3">IT\ICCU\CNCT\000002</subfield>
    <subfield code="4">650</subfield>
  </datafield>
  <datafield tag="790" ind1=" " ind2="1">
    <subfield code="a">Florus,</subfield>
    <subfield code="b">Georgius</subfield>
    <subfield code="3">IT\ICCU\CNCA\010076</subfield>
    <subfield code="z">Ubaldino, Giorgio Floro</subfield>
  </datafield>
  <datafield tag="790" ind1=" " ind2="1">
    <subfield code="a">Florio,</subfield>
    <subfield code="b">Giorgio</subfield>
    <subfield code="c"> &lt;giurista&gt;</subfield>
    <subfield code="3">IT\ICCU\CNCA\014164</subfield>
    <subfield code="z">Ubaldino, Giorgio Floro</subfield>
  </datafield>
  <datafield tag="790" ind1=" " ind2="1">
    <subfield code="a">Florus,</subfield>
    <subfield code="b">Georgius</subfield>
    <subfield code="c"> &lt;giurista&gt;</subfield>
    <subfield code="3">IT\ICCU\CNCA\014167</subfield>
    <subfield code="z">Ubaldino, Giorgio Floro</subfield>
  </datafield>
  <datafield tag="790" ind1=" " ind2="1">
    <subfield code="a">Baldinus,</subfield>
    <subfield code="b">Georgius Florius</subfield>
    <subfield code="3">IT\ICCU\CNCA\029840</subfield>
    <subfield code="z">Ubaldino, Giorgio Floro</subfield>
  </datafield>
  <datafield tag="790" ind1=" " ind2="1">
    <subfield code="a">Fiori,</subfield>
    <subfield code="b">Giorgio</subfield>
    <subfield code="3">IT\ICCU\CNCA\029859</subfield>
    <subfield code="z">Ubaldino, Giorgio Floro</subfield>
  </datafield>
  <datafield tag="790" ind1=" " ind2="1">
    <subfield code="a">Floro,</subfield>
    <subfield code="b">Georgio</subfield>
    <subfield code="3">IT\ICCU\CNCA\029860</subfield>
    <subfield code="z">Ubaldino, Giorgio Floro</subfield>
  </datafield>
  <datafield tag="801" ind1=" " ind2="3">
    <subfield code="a">IT</subfield>
    <subfield code="b">ICCU</subfield>
    <subfield code="c">20201115</subfield>
  </datafield>
  <datafield tag="899" ind1=" " ind2=" ">
    <subfield code="a">Biblioteca comunale dell&apos;Archiginnasio. Bologna</subfield>
    <subfield code="1">BO0304</subfield>
    <subfield code="2">UBO GA</subfield>
  </datafield>
</record>
</collection>
